<?xml version="1.0" encoding="UTF-8"?><collection xmlns="http://www.loc.gov/MARC21/slim"><record><leader>00486nam--2200133-i-4500</leader><controlfield tag="001">000022427</controlfield><controlfield tag="002">20161230</controlfield><controlfield tag="005">20161230201034</controlfield><controlfield tag="008">060222s1000------------r-----000-0-eng-d</controlfield><datafield ind1=" " ind2=" " tag="100"><subfield code="a">Horowitz, J. Et Roux, J.P</subfield></datafield><datafield ind1=" " ind2=" " tag="245"><subfield code="a">Le developpement en france de la filiere uranium naturel-graphite-gaz carbonique. experience acquise. perspectives d`avenir</subfield></datafield><datafield ind1=" " ind2=" " tag="260"><subfield code="a">Vienna, Aiea., 1963. 20p</subfield></datafield><datafield ind1=" " ind2=" " tag="490"><subfield code="a">Conf.Sur L`Experience Pratique Du Fonctionnement Des Reacteurs De Puissance</subfield></datafield><datafield ind1=" " ind2=" " tag="852"><subfield code="a">21036</subfield></datafield></record></collection>